<record><leader>00000cas a22000007a 4500</leader><controlfield tag="001">31813631</controlfield><controlfield tag="008">950113d189u1899nyuuu ne      0    0eng d</controlfield><datafield ind1=" " ind2=" " tag="010"><subfield code="a">sn 95071038 </subfield></datafield><datafield ind1=" " ind2=" " tag="040"><subfield code="a">NYS</subfield><subfield code="b">eng</subfield><subfield code="c">NYS</subfield><subfield code="d">OCLCQ</subfield></datafield><datafield ind1=" " ind2=" " tag="042"><subfield code="a">msc</subfield></datafield><datafield ind1="0" ind2="4" tag="245"><subfield code="a">The Little Valley spy.</subfield></datafield><datafield ind1=" " ind2=" " tag="260"><subfield code="a">Little Valley, N.Y. :</subfield><subfield code="b">M.J. Brown</subfield></datafield><datafield ind1=" " ind2=" " tag="300"><subfield code="a">v.</subfield></datafield><datafield ind1="1" ind2=" " tag="362"><subfield code="a">Ceased in 1899?</subfield></datafield><datafield ind1=" " ind2=" " tag="588"><subfield code="a">Description based on: Vol. 2, no. 6 (Aug. 14, 1895).</subfield></datafield><datafield ind1=" " ind2="4" tag="651"><subfield code="a">Little Valley (N.Y.)</subfield><subfield code="v">Newspapers.</subfield></datafield><datafield ind1=" " ind2="4" tag="651"><subfield code="a">Cattaraugus County (N.Y.)</subfield><subfield code="v">Newspapers.</subfield></datafield><datafield ind1=" " ind2=" " tag="752"><subfield code="a">United States</subfield><subfield code="b">New York</subfield><subfield code="c">Cattaraugus</subfield><subfield code="d">Little Valley.</subfield></datafield><datafield ind1="0" ind2="7" tag="785"><subfield code="t">Ellicottville news</subfield><subfield code="w">(DLC)sn 92061660</subfield></datafield><datafield ind1="0" ind2="7" tag="785"><subfield code="t">Capital herald</subfield><subfield code="w">(DLC)sn 92062062</subfield></datafield><datafield ind1="1" ind2=" " tag="029"><subfield code="a">AU@</subfield><subfield code="b">000011527023</subfield></datafield></record>